@unpublished{Asimo-2018,
    author      = {Mogg, T.},
    year        = {2018},
    month       = Jul,
    title       = {7 times Honda’s iconic Asimo robot blew us away (and 1 side-splitting fail)},
    note        = {digitaltrends (Emerging Tech)},
    url         = {https://www.digitaltrends.com/cool-tech/7-times-hondas-asimo-bot-showed-off-its-skills}
}

@unpublished{Atlas-2019,
    author      = {Guizzo, E.},
    year        = {2019},
    month       = Nov,
    title       = {How Boston Dynamics Is Redefining Robot Agility},
    note        = {IEEE Spectrum},
    url         = {https://spectrum.ieee.org/how-boston-dynamics-is-redefining-robot-agility}
}

@article{Kamimura-2018,
    author      = {Kamimura, K.T.T. and Aoi, S. and Matsuno, F.},
    title       = {Body flexibility effects on foot loading in quadruped bounding based on a simple analytical model},
    journal     = {IEEE Robotics and Automation Letters},
    year        = {2018}
}

@article{Gan-2018,
    author      = {Gan, Z.J.Z. and Remy, C.},
    title       = {On the dynamic similarity between bipeds and quadrupeds: A case study on bounding},
    journal     = {IEEE Robotics and Automation Letters},
    year        = {2018}
}

@article{Xi-2016,
    author      = {Xi, W. and Yesilevskiy, Y. and Remy, C.},
    title       = {Selecting gaits for economical locomotion of legged robots},
    journal     = {The International Journal of Robotics Research},
    volume      = {35},
    number      = {9},
    year        = {2016}
}

@inproceedings{Reher-2019,
    author = {Reher, J. and Ma, W. and Ames, A.D.},
    title = {Dynamic walking with compliance on a cassie bipedal robot},
    booktitle = {In 2019 18th European Control Conference (ECC)},
    year = {1998},
    pages = {2589--2595}
}

@article{Baleka-2020,
    author      = {Fisher, C. and Blom, A. and Patel, A. },
    year        = {2020},
    title       = {Baleka: A Bipedal Robot for Studying Rapid Maneuverability},
    journal     = {Frontiers in Mechanical Engineering},
    volume      = {6},
    number      = {54},
}

@article{Beck-2009,
    author      = {Beck, C. and Miró, J.V. and Dissanayake, G.},
    title       = {Trajectory optimisation for increased stability of mobile robots operating in uneven terrains},
    journal     = {2009 IEEE International Conference on Control and Automation},
    year        = {2009}
}

@PHDTHESIS{Fisher-2020,
    author      = {Fisher, C.},
    title       = {Trajectory Optimisation Inspired Design for Legged Robotics},
    school      = {University of Cape Town},
    year        = {2020},
    type        = {PhD}
}

@book{Robotics-2010,
    author      = {Siciliano, B. and Sciavicco, L. and Villani, L. and Oriolo, G.},
    title       = {Robotics},
    publisher   = {Springer Science $\And$ Business Media},
    year        = {2010}
}

@misc{Underactuated-2022,
    author          = {Tedrake, R.},
    title           = {Underactuated Robotics: Algorithms for Walking, Running, Swimming, Flying, and Manipulation},
    year            = {2022},
    howpublished    = {Course Notes for MIT 6.832},
    url             = {http://underactuated.mit.edu},
}

@article{Posa-2014,
    author  = {Posa, M. and Cantu, C. and Tedrake, R.},
    title   = {A direct method for trajectory optimization of rigid bodies through contact},
    journal = {The International Journal of Robotics Research},
    volume  = {33},
    number  = {1},
    year    = {2014},
    pages   = {69-87}
}